<record><leader>00000cas a22000007a 4500</leader><controlfield tag="001">11192753</controlfield><controlfield tag="008">840924d18771878nyuwr ne      0    0eng d</controlfield><controlfield tag="009">148</controlfield><datafield ind1=" " ind2=" " tag="010"><subfield code="a">sn 84031069 </subfield></datafield><datafield ind1=" " ind2=" " tag="040"><subfield code="a">NYG</subfield><subfield code="b">eng</subfield><subfield code="c">NYG</subfield><subfield code="d">NYS</subfield><subfield code="d">OCLCQ</subfield></datafield><datafield ind1="1" ind2=" " tag="029"><subfield code="a">AU@</subfield><subfield code="b">000020635514</subfield></datafield><datafield ind1=" " ind2=" " tag="042"><subfield code="a">msc</subfield></datafield><datafield ind1=" " ind2="4" tag="050"><subfield code="a">N1</subfield><subfield code="b">.E93</subfield></datafield><datafield ind1="0" ind2=" " tag="130"><subfield code="a">Every Saturday (Buffalo, N.Y.)</subfield></datafield><datafield ind1="0" ind2="0" tag="245"><subfield code="a">Every Saturday.</subfield></datafield><datafield ind1="1" ind2="3" tag="246"><subfield code="a">Buffalo every Saturday</subfield></datafield><datafield ind1=" " ind2=" " tag="260"><subfield code="a">Buffalo :</subfield><subfield code="b">Deshler Welch,</subfield><subfield code="c">1877-1878.</subfield></datafield><datafield ind1=" " ind2=" " tag="300"><subfield code="a">v.</subfield></datafield><datafield ind1=" " ind2=" " tag="310"><subfield code="a">Weekly</subfield></datafield><datafield ind1="0" ind2=" " tag="362"><subfield code="a">Vol. 1, no. 1 (Nov. 24, 1877)-v. 1, no. 37 (Aug. 3, 1878).</subfield></datafield><datafield ind1=" " ind2=" " tag="500"><subfield code="a">"A weekly journal of miscellaneous reading."</subfield></datafield><datafield ind1=" " ind2=" " tag="500"><subfield code="a">"Literature, music, the drama, fine arts, and social topics."</subfield></datafield><datafield ind1=" " ind2="4" tag="651"><subfield code="a">Buffalo (N.Y.)</subfield><subfield code="v">Newspapers.</subfield></datafield><datafield ind1=" " ind2=" " tag="752"><subfield code="a">United States</subfield><subfield code="b">New York</subfield><subfield code="c">Erie</subfield><subfield code="d">Buffalo.</subfield></datafield><datafield ind1="0" ind2="0" tag="785"><subfield code="t">Buffalo every Saturday</subfield><subfield code="w">(DLC)sn 84031071</subfield></datafield></record>